# Netflix Q4 2025 Financial Data Extraction

**Source:** [Netflix Q4 2025 Shareholder Letter](https://s22.q4cdn.com/959853165/files/doc_financials/2025/q4/FINAL-Q4-25-Shareholder-Letter.pdf)
**Date:** January 20, 2026
**Credibility:** Tier 1 (Official Shareholder Letter)

## Summary Results (in millions except per share data)

| Metric | Q4'24 | Q1'25 | Q2'25 | Q3'25 | Q4'25 | Q1'26 Forecast |
| :--- | :--- | :--- | :--- | :--- | :--- | :--- |
| Revenue | $10,247 | $10,543 | $11,079 | $11,510 | $12,051 | $12,157 |
| Y/Y % Growth | 16.0% | 12.5% | 15.9% | 17.2% | 17.6% | 15.3% |
| Operating Income | $2,273 | $3,347 | $3,775 | $3,248 | $2,957 | $3,906 |
| Operating Margin | 22.2% | 31.7% | 34.1% | 28.2% | 24.5% | 32.1% |
| Net Income | $1,869 | $2,890 | $3,125 | $2,547 | $2,419 | $3,264 |
| Diluted EPS | $0.43 | $0.66 | $0.72 | $0.59 | $0.56 | $0.76 |
| Net cash (operating) | $1,537 | $2,789 | $2,423 | $2,825 | $2,112 | - |
| Free Cash Flow | $1,378 | $2,661 | $2,267 | $2,660 | $1,872 | - |

## Key Highlights
- **Total Revenue 2025:** $45.2B (+16% YoY).
- **Ad Revenue 2025:** Over $1.5B (rose more than 2.5x).
- **Paid Memberships:** Crossed 325M milestone in Q4 2025.
- **2026 Forecast:** Revenue $50.7B - $51.7B (+12-14% YoY).
- **Strategic Move:** Working to close acquisition of Warner Bros.

## Regional Breakdown (Revenue in millions)

| Region | Q4'24 | Q1'25 | Q2'25 | Q3'25 | Q4'25 |
| :--- | :--- | :--- | :--- | :--- | :--- |
| **UCAN** | $4,517 | $4,617 | $4,929 | $5,072 | $5,339 |
| **EMEA** | $3,288 | $3,405 | $3,538 | $3,699 | $3,873 |
| **LATAM** | $1,230 | $1,262 | $1,307 | $1,371 | $1,418 |
| **APAC** | $1,212 | $1,259 | $1,305 | $1,369 | $1,421 |

## Regional Growth (Y/Y % Growth)

| Region | Q4'24 | Q1'25 | Q2'25 | Q3'25 | Q4'25 |
| :--- | :--- | :--- | :--- | :--- | :--- |
| **UCAN** | 15% | 9% | 15% | 17% | 18% |
| **EMEA** | 18% | 15% | 18% | 18% | 18% |
| **LATAM** | 6% | 8% | 9% | 10% | 15% |
| **APAC** | 26% | 23% | 24% | 21% | 17% |
